

@article{mit, 
  title     ={{Toward Operational Space-Based Space Surveillance}},
  journal   ={Lincoln Laboratory Journal},
  author    ={Sharma, J and Stokes, G and von Braun, C and Zollinger, G and Wiseman, A},
  year      ={2002},
volume ={13},
number ={2},
pages={309-334}
}



@book{info, 
  title     ={{Grundlagen der automatischen Informationsverarbeitung für den Maschinenbau}},
  publisher   ={Braunschweig: Institut für Flugzeugbau und Leichtbau, TU Braunschweig},
  author    ={Haupt, M},
  year      ={2010}
}

